@Comment Оставляю библиографию, чтоб было видно как оформлять. В википедии есть инфа по всем типам.

@Book{muscle_01,
	author =		 {Гладышева, А. А.},
	title = 		 {Анатомия человека. Учебник для техникумов физической культуры},
	publisher = 	 {Физкультура и спорт},
	address =        {М.},
	pagetotal = {343},
	year = 		 {1977},
	language =     "russian"
}

@online{muscle_02,
	title = {Строение мышц человека [Электронный ресурс]},
	year = {2015},
	url = {https://fit-baza.com/stroenie-myshc-cheloveka/},
	urldate = {08.07.2020},
	language = "russian"
}

@online{muscle_03,
	title = {Структура и части саркомера, функции и гистология [Электронный ресурс]},
	year = {2020},
	url = {https://ru.thpanorama.com/articles/anatoma-y-fisiologa/sarcmero-estructura-y-partes-funciones-e-histologa.html},
	urldate = {08.07.2020},
	language = "russian"
}

@Book{rogers,
	author =		 {Роджерс Д., Адамс Дж.},
	title = 		 {Алгоритмические основы машинной графики: Пер. с англ.},
	publisher = 	 {Мир},
	address =        {М.},
	pagetotal = {512},
	year = 		 {1989},
	language =     "russian"
}

@Book{porev,
	author =		 {Порев, В.Н.},
	title = 		 {Компьютерная графика},
	publisher = 	 {БХВ-Петербург},
	address =        {СПБ.},
	pagetotal = {432},
	year = 		 {2002},
	language =     "russian"
}

@Book{nikulin,
	author =		 {Никулин, Е.А.},
	title = 		 {Компьютерная геометрия и алгоритмы машинной графики},
	publisher = 	 {БХВ-Петербург},
	address =        {СПБ.},
	pagetotal = {560},
	year = 		 {2003},
	language =     "russian"
}

@article{diff_methods,
	author =		 {Dongwoon Lee, Michael Glueck, Azam Khan, Eugene Fiume, Ken Jackson},
	title = 		 {Modeling and Simulation of Skeletal Muscle for Computer Graphics: A Survey},
	journal = {Foundations and Trends in Computer Graphics and Vision},
	volume = {7},
	number = {4},
	year =	 {2012},
	pages =  {229-276},
	language =     "english"
}


@article{alexa,
	author = {Alexa, Marc},
	year = {2002},
	title = {Recent Advances in Mesh Morphing},
	volume = {21},
	journal = {Computer Graphics Forum},
}

@article{volume_morph,
	author = {Apostolos Lerios, Chase D. Garfinkle, and Marc Levoy.},
	title = {Feature-Based Volume Metamorphosis},
	journal = {Proceedings of SIGGRAPH '95 },
	volume = {26},
	number = {2},
	pages = {35-42},
	year = {1995}
}

@article{scheepers97,
	author = {Ferdi Scheepers, Richard E. Parent, Wayne E. Carlson, Stephen F. May},
	title = {Anatomy-Based Modeling of the Human Musculature},
	journal = {SIGGRAPH Computer graphics},
	year = {1997},
	pages = {163--172},
	language = {english}
}

@article{Wilhelms97,
	author = {Jane Wilhelms, Allen van Gelder},
	title = {Anatomically Based Modeling},
	journal = {SIGGRAPH Computer graphics},
	year = {1997},
	pages = {173-180},
	language = {english}
}

@article{nedel,
	author = {Nedel, Luciana and Thalmann, Daniel},
	title = {Real Time Muscle Deformations Using Mass-Spring Systems},
	journal = {Proceedings of Computer Graphics International. IEEE}
	year = {2002},
	language = {english}
}

@article{ramos,
	author = {Ramos, Juan and Larboulette, Caroline},
	title = {A Muscle Model for Enhanced Character Skinning},
	journal = {Journal of WSCG}
	year = {2013},
	volume ={21},
	number = {2},
	pages = {107-116},
	language = {english}
}

@article{chen,
	author = {Chen, David T. and Zeltzer, David},
	title = {Pump It up: Computer Animation of a Biomechanically Based Model of Muscle Using the Finite Element Method},
	year = {1992},
	volume = {26},
	number = {2},
	journal = {SIGGRAPH Comput. Graph.},
	pages = {89–98},
}

@article{YUCESOY,
	title = "Three-dimensional finite element modeling of skeletal muscle using a two-domain approach: linked fiber-matrix mesh model",
	journal = "Journal of Biomechanics",
	volume = "35",
	number = "9",
	pages = "1253 - 1262",
	year = "2002",
	author = "Can A. Yucesoy and Bart H.F.J.M. Koopman and Peter A. Huijing and Henk J. Grootenboer",
}

@article{teran,
	author = {Teran, J., Blemker, S., Hing, V. N. T., and Fedkiw, R},
	title = {Finite volume methods for the simulation of skeletal muscle},
	journal = {SCA '03: Proceedings of the 2003 ACM SIGGRAPH/Eurographics symposium on Computer animation}
	year = {2003},
	pages = {68-74}
	language = {english}
}


@online{morphing,
	title = {3D Morphing [Электронный ресурс]},
	year = {2001},
	url = {http://web.mit.edu/manoli/morph/www/morph.html#morphing},
	urldate = {17.07.2020},
	language = {russian}
}